<collection xmlns="http://www.loc.gov/MARC21/slim"><record><leader>00829nam  2200229   450</leader><controlfield tag="001">914</controlfield><controlfield tag="003">http://montalegre.opacnet.com/OPAC/default.aspx?ContentAreaControl=ShowRegHoldings.ascx&amp;RegNo=16662</controlfield><datafield tag="100" ind1=" " ind2=" "><subfield code="a">19831101d1983    m  y0pora010305  ba</subfield></datafield><datafield tag="101" ind1="1" ind2=" "><subfield code="a">por</subfield><subfield code="c">eng</subfield></datafield><datafield tag="102" ind1=" " ind2=" "><subfield code="a">PT</subfield></datafield><datafield tag="200" ind1="1" ind2=" "><subfield code="a">Havai</subfield><subfield code="f">James A. Michener</subfield><subfield code="g">trad. Carolina de Oliveira</subfield></datafield><datafield tag="210" ind1=" " ind2=" "><subfield code="a">Mem Martins</subfield><subfield code="c">Europa-América</subfield><subfield code="d">[D.L. 1983]-</subfield></datafield><datafield tag="215" ind1=" " ind2=" "><subfield code="a">1ºv. 445p., 2ºv. 663p.</subfield><subfield code="d">21 cm</subfield></datafield><datafield tag="225" ind1="2" ind2=" "><subfield code="a">Século XX</subfield><subfield code="v">212</subfield><subfield code="v">213</subfield></datafield><datafield tag="304" ind1=" " ind2=" "><subfield code="a">Tít. orig.: Hawaii</subfield></datafield><datafield tag="675" ind1=" " ind2=" "><subfield code="a">821</subfield><subfield code="v">BN</subfield><subfield code="z">por</subfield></datafield><datafield tag="700" ind1=" " ind2="1"><subfield code="a">Michener</subfield><subfield code="b">James A.</subfield><subfield code="f">1907-</subfield></datafield><datafield tag="702" ind1=" " ind2="1"><subfield code="a">Oliveira</subfield><subfield code="b">Carolina de</subfield><subfield code="4">730</subfield></datafield><datafield tag="801" ind1=" " ind2="0"><subfield code="a">PT</subfield><subfield code="b">Biblioteca Municipal de Montalegre</subfield><subfield code="g">RPC</subfield></datafield><datafield tag="856" ind1=" " ind2=" "><subfield code="u">locateMedia.asp?cod=20060629154705&amp;ext=jpg</subfield><subfield code="z">CAPA</subfield></datafield><datafield tag="856" ind1=" " ind2=" "><subfield code="u">locateMedia.asp?cod=20060629154716&amp;ext=jpg</subfield><subfield code="z">CAPA</subfield></datafield><datafield tag="909" ind1="&#9;" ind2=" "><subfield code="a">2</subfield></datafield><datafield tag="966" ind1=" " ind2=" "><subfield code="a">0009029</subfield><subfield code="l">BMM</subfield><subfield code="s">SCG 821 MIC hav 212 Vol.I</subfield></datafield><datafield tag="966" ind1=" " ind2=" "><subfield code="a">0009030</subfield><subfield code="l">BMM</subfield><subfield code="s">SCG 821 MIC hav 213 Vol.II</subfield></datafield></record></collection>